@Misc{mutpy,
    title = {khalas / mutpy — Bitbucket},
    howpublished = {\url{https://bitbucket.org/khalas/mutpy}}
}

@Misc{pytest,
    title = {pytest: helps you write better programs},
    howpublished = {\url{http://pytest.org/latest/}}
}

@Misc{pytest-cov,
    title = {pytest-cov 2.2.1 : Python Package Index},
    howpublished = {\url{https://pypi.python.org/pypi/pytest-cov}}
}

@Misc{requests,
    title = {Requests: HTTP for Humans},
    howpublished = {\url{http://docs.python-requests.org/en/master/}}
}

@Misc{virtualenv,
    title = {Virtual Python Environment builder},
    howpublished = {\url{https://github.com/pypa/virtualenv}}
}

@Misc{jinja2,
    title = {Welcome | Jinja2 (The Python Template Engine)},
    howpublished = {\url{http://jinja.pocoo.org}}
}

@Misc{python-magic,
    title = {python-magic: A python wrapper for libmagic},
    howpublished = {\url{https://github.com/ahupp/python-magic}}
}

@Misc{delorean,
    title = {Delorean: Time Travel Made Easy},
    howpublished = {\url{https://github.com/myusuf3/delorean}}
}

@Misc{fuzzywuzzy,
    title = {FuzzyWuzzy: Fuzzy String Matching in Python},
    howpublished = {\url{https://github.com/seatgeek/fuzzywuzzy}}
}

@Misc{pangu.py,
    title = {pangu.py: Paranoid text spacing in Python},
    howpublished = {\url{https://github.com/vinta/pangu.py}}
}

@Misc{shortuuid,
    title = {shortuuid: A generator library for concise, unambiguous and URL-safe UUIDs.},
    howpublished = {\url{https://github.com/stochastic-technologies/shortuuid}}
}

@Misc{python-slugify,
    title = {python-slugify: Returns unicode slugs},
    howpublished = {\url{https://github.com/un33k/python-slugify}}
}

@Misc{python-nameparser,
    title = {python-nameparser: A simple Python module for parsing human names into their individual components},
    howpublished = {\url{https://github.com/derek73/python-nameparser}}
}

@Misc{python-markdown,
    title = {Python-Markdown: A Python implementation of John Gruber’s Markdown.},
    howpublished = {\url{https://github.com/waylan/Python-Markdown}}
}

@Misc{sqlparse,
    title = {sqlparse: A non-validating SQL parser module for Python},
    howpublished = {\url{https://github.com/andialbrecht/sqlparse}}
}

@article{demillo1978hints,
  title={Hints on test data selection: Help for the practicing programmer},
  author={DeMillo, Richard A and Lipton, Richard J and Sayward, Frederick G},
  journal={Computer},
  number={4},
  pages={34--41},
  year={1978},
  publisher={IEEE}
}

@inproceedings{deng2013empirical,
  title={Empirical evaluation of the statement deletion mutation operator},
  author={Deng, Lin and Offutt, Jeff and Li, Nan},
  booktitle={Software Testing, Verification and Validation (ICST), 2013 IEEE Sixth International Conference on},
  pages={84--93},
  year={2013},
  organization={IEEE}
}

@book{untch1995schema,
  title={Schema-based mutation analysis: A new test data adequacy assessment method},
  author={Untch, Roland H},
  year={1995},
  publisher={Clemson University USA}
}

@incollection{offutt2001mutation,
  title={Mutation 2000: Uniting the orthogonal},
  author={Offutt, A Jefferson and Untch, Roland H},
  booktitle={Mutation testing for the new century},
  pages={34--44},
  year={2001},
  publisher={Springer}
}

@inproceedings{untch2009reduced,
  title={On reduced neighborhood mutation analysis using a single mutagenic operator},
  author={Untch, Roland H},
  booktitle={Proceedings of the 47th Annual Southeast Regional Conference},
  pages={71},
  year={2009},
  organization={ACM}
}
